@article{Kobayashi2001,
author = {Kobayashi, Ryo and Giga, Yoshikazu},
doi = {10.1007/BF03168571},
issn = {09167005},
journal = {Japan Journal of Industrial and Applied Mathematics},
keywords = {Anisotropy,Convexity,Crystal growth,Curvature,Facet},
mendeley-groups = {Anisotropic{\_}growth/experimental/review},
number = {2},
pages = {207--230},
publisher = {Kinokuniya Co. Ltd},
title = {{On Anisotropy and Curvature Effects for Growing Crystals}},
volume = {18},
year = {2001}
}

@article{Marks2012,
author = {Marks, R A and Glaeser, A M},
doi = {10.1016/j.actamat.2011.09.043},
issn = {1359-6454},
journal = {Acta Materialia},
keywords = {anisotropy,grain boundary junctions,interface energy,surface energy,thermodynamic stability,torque terms},
mendeley-groups = {Grain growth},
number = {1},
pages = {349--358},
publisher = {Acta Materialia Inc.},
title = {{Equilibrium and stability of triple junctions in anisotropic systems}},
url = {http://dx.doi.org/10.1016/j.actamat.2011.09.043},
volume = {60},
year = {2012}
}

@article{Hoffman1972,
author = {Hoffman, David W. and Cahn, John W.},
doi = {10.1016/0039-6028(72)90268-3},
issn = {00396028},
journal = {Surface Science},
number = {C},
pages = {368--388},
title = {{A vector thermodynamics for anisotropic surfaces. I. Fundamentals and application to plane surface junctions}},
volume = {31},
year = {1972}
}

@article{Cahn1974,
author = {Cahn, J.l and Hoffman, D.l},
doi = {10.1016/0001-6160(74)90134-5},
file = {:C\:/Users/marti/OneDrive/Documents/Mendeley Desktop/Cahn, Hoffman/1974_Cahn, Hoffman_Acta Metallurgica.pdf:pdf},
issn = {00016160},
journal = {Acta Metallurgica},
mendeley-groups = {Anisotropic_growth/surface energy},
month = {oct},
number = {10},
pages = {1205--1214},
title = {{A vector thermodynamics for anisotropic surfaces—II. Curved and faceted surfaces}},
url = {https://linkinghub.elsevier.com/retrieve/pii/0001616074901345},
volume = {22},
year = {1974}
}


@article{Moelans2008,
	author = {Moelans, N. and Blanpain, B. and Wollants, P.},
	doi = {10.1103/PhysRevB.78.024113},
	issn = {10980121},
	journal = {Physical Review B - Condensed Matter and Materials Physics},
	keywords = {anisotropy},
	number = {2},
	title = {{Quantitative analysis of grain boundary properties in a generalized phase field model for grain growth in anisotropic systems}},
	volume = {78},
	year = {2008}
}

@article{Ravash2017,
	author = {Ravash, Hamed and Vleugels, Jef and Moelans, Nele},
	doi = {10.1007/s10853-017-1465-z},
	issn = {0022-2461},
	journal = {Journal of Materials Science},
	keywords = {Characterization and Evaluation of Materials,Classical Mechanics,Crystallography and Scattering Methods,Materials Science,Polymer Sciences,Solid Mechanics,general},
	month = {dec},
	number = {24},
	pages = {13852--13867},
	publisher = {Springer},
	title = {{Three-dimensional phase-field simulation of microstructural evolution in three-phase materials with different interfacial energies and different diffusivities}},
	url = {http://link.springer.com/10.1007/s10853-017-1465-z},
	volume = {52},
	year = {2017}
}

@article{Moelans2009,
	author = {Moelans, Nele and Wendler, Frank and Nestler, Britta},
	doi = {10.1016/j.commatsci.2009.03.037},
	issn = {0927-0256},
	journal = {Computational Materials Science},
	number = {2},
	pages = {479--490},
	publisher = {Elsevier B.V.},
	title = {{Comparative study of two phase-field models for grain growth}},
	url = {http://dx.doi.org/10.1016/j.commatsci.2009.03.037},
	volume = {46},
	year = {2009}
}

@article{Eggleston2001,
	author = {Eggleston, J.J. and McFadden, G.B. and Voorhees, P.W.},
	doi = {10.1016/S0167-2789(00)00222-0},
	issn = {01672789},
	journal = {Physica D: Nonlinear Phenomena},
	month = {mar},
	number = {1-2},
	pages = {91--103},
	publisher = {North-Holland},
	title = {{A phase-field model for highly anisotropic interfacial energy}},
	url = {https://linkinghub.elsevier.com/retrieve/pii/S0167278900002220},
	volume = {150},
	year = {2001}
}


@article{Taylor1998,
	author = {Taylor, Jean E. and Cahn, John W.},
	doi = {10.1016/S0167-2789(97)00177-2},
	issn = {01672789},
	journal = {Physica D: Nonlinear Phenomena},
	keywords = {Allen-Cahn equation,Anisotropy,Motion by weighted mean curvature,Nondifferentiable surface energy},
	month = {feb},
	number = {3-4},
	pages = {381--411},
	title = {{Diffuse interfaces with sharp corners and facets: Phase field models with strongly anisotropic surfaces}},
	url = {https://linkinghub.elsevier.com/retrieve/pii/S0167278997001772},
	volume = {112},
	year = {1998}
}

@article{Kobayashi2001,
	author = {Kobayashi, Ryo and Giga, Yoshikazu},
	doi = {10.1007/BF03168571},
	issn = {0916-7005},
	journal = {Japan Journal of Industrial and Applied Mathematics},
	keywords = {Anisotropy,Convexity,Crystal growth,Curvature,Facet},
	mendeley-groups = {Anisotropic_growth/experimental/review},
	month = {jun},
	number = {2},
	pages = {207--230},
	publisher = {Kinokuniya Co. Ltd},
	title = {{On anisotropy and curvature effects for growing Crystals}},
	url = {http://link.springer.com/10.1007/BF03168571},
	volume = {18},
	year = {2001}
}

@article{Moelans2011,
	author = {Moelans, Nele},
	isbn = {1359-6454},
	issn = {13596454},
	journal = {Acta Materialia},
	keywords = {Coarsening,Growth kinetics,Multicomponent,Multiphase,Phase-field method},
	number = {3},
	pages = {1077--1086},
	publisher = {Acta Materialia Inc.},
	title = {{A quantitative and thermodynamically consistent phase-field interpolation function for multi-phase systems}},
	url = {http://dx.doi.org/10.1016/j.actamat.2010.10.038},
	volume = {59},
	year = {2011}
}

@article{Loginova2004,
	author = {Loginova, Irina and {\AA}gren, John and Amberg, Gustav},
	doi = {10.1016/j.actamat.2004.05.033},
	file = {:C\:/Users/marti/Downloads/1-s2.0-S1359645404002952-main.pdf:pdf},
	issn = {13596454},
	journal = {Acta Materialia},
	keywords = {Diffusion,Morphological instability,Phase-field method,Widmanst{\"{a}}tten plates},
	month = {aug},
	number = {13},
	pages = {4055--4063},
	publisher = {Pergamon},
	title = {{On the formation of Widmanst{\"{a}}tten ferrite in binary Fe–C – phase-field approach}},
	url = {https://linkinghub.elsevier.com/retrieve/pii/S1359645404002952},
	volume = {52},
	year = {2004}
}

@article{Debierre2003,
	archivePrefix = {arXiv},
	arxivId = {cond-mat/0302368},
	author = {Debierre, Jean Marc and Karma, Alain and Celestini, Franck and Gu{\'{e}}rin, Rahma},
	doi = {10.1103/PhysRevE.68.041604},
	eprint = {0302368},
	issn = {1063651X},
	journal = {Physical Review E},
	mendeley-groups = {Anisotropic_growth,Anisotropic_growth/phase field},
	number = {4},
	pages = {1--13},
	primaryClass = {cond-mat},
	title = {{Phase-field approach for faceted solidification}},
	volume = {68},
	year = {2003}
}

@article{Moelans2010,
	author = {Moelans, N. and Spaepen, F. and Wollants, P.},
	doi = {10.1080/14786430902998129},
	file = {:C\:/Users/marti/Downloads/moelans2010.pdf:pdf},
	issn = {14786435},
	journal = {Philosophical Magazine},
	keywords = {Anisotropy,Grain boundary engineering,Grain growth,Phase-field model,Polycrystalline thin film,Texture},
	mendeley-groups = {phase-field modelling/multi-phase field},
	number = {1-4},
	pages = {501--523},
	title = {{Grain growth in thin films with a fibre texture studied by phase-field simulations and mean field modelling}},
	volume = {90},
	year = {2010}
}

@article{Miyoshi2020,
	author = {Miyoshi, Eisuke and Takaki, Tomohiro and Ohno, Munekazu and Shibuta, Yasushi},
	doi = {10.2355/isijinternational.ISIJINT-2019-305},
	file = {:C\:/Users/marti/Downloads/60_ISIJINT-2019-305.pdf:pdf},
	issn = {09151559},
	journal = {ISIJ International},
	keywords = {Grain boundary energy,Grain boundary mobility,Grain growth,Microstructure,Phase-field model},
	mendeley-groups = {phase-field modelling/multi-phase field},
	number = {1},
	pages = {160--167},
	title = {{Accuracy evaluation of phase-field models for grain growth simulation with anisotropic grain boundary properties}},
	volume = {60},
	year = {2020}
}

@article{Bulatov2014,
	author = {Bulatov, Vasily V. and Reed, Bryan W. and Kumar, Mukul},
	doi = {10.1016/j.actamat.2013.10.057},
	issn = {13596454},
	journal = {Acta Materialia},
	keywords = {Crystal structure,Grain boundary energy,Lattice geometry,Misorientation,Modeling},
	mendeley-groups = {Anisotropic_growth/Grain boundary energy},
	pages = {161--175},
	publisher = {Acta Materialia Inc.},
	title = {{Grain boundary energy function for fcc metals}},
	url = {http://dx.doi.org/10.1016/j.actamat.2013.10.057},
	volume = {65},
	year = {2014}
}

@article{Olmsted2009,
	author = {Olmsted, David L. and Foiles, Stephen M. and Holm, Elizabeth A.},
	doi = {10.1016/j.actamat.2009.04.007},
	file = {:C\:/Users/marti/Downloads/1-s2.0-S1359645409002274-main.pdf:pdf},
	issn = {13596454},
	journal = {Acta Materialia},
	keywords = {Grain boundary energy,Grain boundary structure,Molecular statics simulations},
	mendeley-groups = {Anisotropic_growth/Grain boundary energy},
	number = {13},
	pages = {3694--3703},
	publisher = {Acta Materialia Inc.},
	title = {{Survey of computed grain boundary properties in face-centered cubic metals: I. Grain boundary energy}},
	url = {http://dx.doi.org/10.1016/j.actamat.2009.04.007},
	volume = {57},
	year = {2009}
}

@article{Rohrer2011,
	author = {Rohrer, Gregory S.},
	doi = {10.1007/s10853-011-5677-3},
	file = {:C\:/Users/marti/Downloads/Rohrer2011_Article_GrainBoundaryEnergyAnisotropyA.pdf:pdf},
	issn = {00222461},
	journal = {Journal of Materials Science},
	mendeley-groups = {Anisotropic_growth/Grain boundary energy},
	number = {18},
	pages = {5881--5895},
	title = {{Grain boundary energy anisotropy: A review}},
	volume = {46},
	year = {2011}
}


@article{Burton1951,
	author = {Burton, W. K. and Cabrera, N. and Frank, F. C.},
	doi = {10.1098/rsta.1951.0006},
	issn = {1364-503X},
	journal = {Philosophical Transactions of the Royal Society A: Mathematical, Physical and Engineering Sciences},
	mendeley-groups = {Anisotropic_growth,Anisotropic_growth/growth forms},
	number = {866},
	pages = {299--358},
	title = {{The Growth of Crystals and the Equilibrium Structure of their Surfaces}},
	volume = {243},
	year = {1951}
}

@article{Abdeljawad2018,
	author = {Abdeljawad, Fadi and Foiles, Stephen M. and Moore, Alexander P. and Hinkle, Adam R. and Barr, Christopher M. and Heckman, Nathan M. and Hattar, Khalid and Boyce, Brad L.},
	doi = {10.1016/J.ACTAMAT.2018.06.025},
	issn = {1359-6454},
	journal = {Acta Materialia},
	mendeley-groups = {Anisotropic_growth,Anisotropic_growth/surface energy},
	month = {oct},
	pages = {440--453},
	publisher = {Pergamon},
	title = {{The role of the interface stiffness tensor on grain boundary dynamics}},
	url = {https://www-sciencedirect-com.kuleuven.ezproxy.kuleuven.be/science/article/pii/S1359645418304932},
	volume = {158},
	year = {2018}
}

@article{Minar2021suppl,
	author = {Minar, Martin and Moelans, Nele},
	journal = {Phys.Rev.Mat.},
	title = {{See Supplemental material at xxx for the best practices in parameters determination in Moelans' model and for further details on the implementation.}},
	url = {},
	year={2022}
}

@article{Garcke1999,
	author = {Garcke, Harald and Stoth, Barbara and Nestler, Britta},
	doi = {10.4171/IFB/8},
	issn = {1463-9963},
	journal = {Interfaces and Free Boundaries},
	number = {2},
	pages = {175--198},
	title = {{Anisotropy in multi-phase systems: a phase field approach}},
	url = {http://www.ems-ph.org/doi/10.4171/IFB/8},
	volume = {1},
	year = {1999}
}

@article{Toth2015,
	archivePrefix = {arXiv},
	arxivId = {1508.04311},
	author = {T{\'{o}}th, Gyula I. and Pusztai, Tam{\'{a}}s and Gr{\'{a}}n{\'{a}}sy, L{\'{a}}szl{\'{o}}},
	doi = {10.1103/PhysRevB.92.184105},
	eprint = {1508.04311},
	issn = {1550235X},
	journal = {Physical Review B - Condensed Matter and Materials Physics},
	number = {18},
	pages = {1--19},
	title = {{Consistent multiphase-field theory for interface driven multidomain dynamics}},
	volume = {92},
	year = {2015}
}

@article{Salama2020,
	author = {Salama, Hesham and Kundin, Julia and Shchyglo, Oleg and Mohles, Volker and Marquardt, Katharina and Steinbach, Ingo},
	doi = {10.1016/j.actamat.2020.02.043},
	issn = {13596454},
	journal = {Acta Materialia},
	keywords = {Anisotropic grain boundary energy,Grain growth,Phase-field method},
	pages = {641--651},
	publisher = {Elsevier Ltd},
	title = {{Role of inclination dependence of grain boundary energy on the microstructure evolution during grain growth}},
	url = {https://doi.org/10.1016/j.actamat.2020.02.043},
	volume = {188},
	year = {2020}
}

@article{Kazaryan2000,
	archivePrefix = {arXiv},
	arxivId = {cond-mat/9912044},
	author = {Kazaryan, A. and Wang, Y. and Dregia, S.},
	doi = {10.1103/PhysRevB.61.14275},
	eprint = {9912044},
	issn = {1550235X},
	journal = {Physical Review B - Condensed Matter and Materials Physics},
	number = {21},
	pages = {14275--14278},
	primaryClass = {cond-mat},
	title = {{Generalized phase-field model for computer simulation of grain growth in anisotropic systems}},
	volume = {61},
	year = {2000}
}

@article{Miyoshi2018,
	author = {Miyoshi, Eisuke and Takaki, Tomohiro and Ohno, Munekazu and Shibuta, Yasushi and Sakane, Shinji and Shimokawabe, Takashi and Aoki, Takayuki},
	doi = {10.1007/s10853-018-2680-y},
	isbn = {1085301826},
	issn = {15734803},
	journal = {Journal of Materials Science},
	mendeley-groups = {phase-field modelling/multi-phase field/grain growth},
	number = {21},
	pages = {15165--15180},
	publisher = {Springer US},
	title = {{Correlation between three-dimensional and cross-sectional characteristics of ideal grain growth: large-scale phase-field simulation study}},
	url = {https://doi.org/10.1007/s10853-018-2680-y},
	volume = {53},
	year = {2018}
}

@article{Gao2018,
	author = {Gao, Jianbao and Wei, Ming and Zhang, Lijun and Du, Yong and Liu, Zuming and Huang, Baiyun},
	doi = {10.1007/s11661-018-4908-5},
	issn = {10735623},
	journal = {Metallurgical and Materials Transactions A: Physical Metallurgy and Materials Science},
	mendeley-groups = {phase-field modelling/multi-phase field/grain growth},
	number = {12},
	pages = {6442--6456},
	publisher = {Springer US},
	title = {{Effect of Different Initial Structures on the Simulation of Microstructure Evolution During Normal Grain Growth via Phase-Field Modeling}},
	url = {https://doi.org/10.1007/s11661-018-4908-5},
	volume = {49},
	year = {2018}
}

@article{Mao2021,
	author = {Mao, H. and Li, B. and Du, Y.},
	doi = {10.2298/JMMB191227007M},
	issn = {1450-5339},
	journal = {Journal of Mining and Metallurgy, Section B: Metallurgy},
	keywords = {Grain growth,Grain size distribution,Multi-phase field model,Topological analysis},
	mendeley-groups = {phase-field modelling/multi-phase field/grain growth},
	number = {1},
	pages = {105--114},
	publisher = {Technical Faculty in Bor},
	title = {{A comprehensive analysis of three-dimensional normal grain growth of pure iron via multi-phase field simulation}},
	url = {http://www.doiserbia.nb.rs/Article.aspx?ID=1450-53392100007M},
	volume = {57},
	year = {2021}
}

@article{Kim2006,
	author = {Kim, Seong Gyoon and Kim, Dong Ik and Kim, Won Tae and Park, Yong Bum},
	doi = {10.1103/PhysRevE.74.061605},
	issn = {15393755},
	journal = {Physical Review E - Statistical, Nonlinear, and Soft Matter Physics},
	mendeley-groups = {phase-field modelling/multi-phase field},
	number = {6},
	pages = {1--14},
	title = {{Computer simulations of two-dimensional and three-dimensional ideal grain growth}},
	volume = {74},
	year = {2006}
}


@article{Yadav2018,
	author = {Yadav, Vishal and Moelans, Nele},
	doi = {10.1016/J.SCRIPTAMAT.2017.08.036},
	issn = {1359-6462},
	journal = {Scripta Materialia},
	mendeley-groups = {phase-field modelling/multi-phase field},
	month = {jan},
	pages = {148--152},
	publisher = {Pergamon},
	title = {{Investigation on the existence of a ‘Hillert regime' in normal grain growth}},
	url = {https://www-sciencedirect-com.kuleuven.ezproxy.kuleuven.be/science/article/pii/S1359646217305006},
	volume = {142},
	year = {2018}
}

@article{Yadav2016,
	author = {Yadav, Vishal and Vanherpe, Liesbeth and Moelans, Nele},
	doi = {10.1016/j.commatsci.2016.08.037},
	issn = {09270256},
	journal = {Computational Materials Science},
	keywords = {Bulk diffusion,Grain growth,Particle-like grain migration,Phase field model,Simulations},
	pages = {297--308},
	publisher = {Elsevier B.V.},
	title = {{Effect of volume fractions on microstructure evolution in isotropic volume-conserved two-phase alloys: A phase-field study}},
	url = {http://dx.doi.org/10.1016/j.commatsci.2016.08.037},
	volume = {125},
	year = {2016}
}

@article{Moelans2010_thinfilm,
	author = {Moelans, N. and Spaepen, F. and Wollants, P.},
	doi = {10.1080/14786430902998129},
	issn = {14786435},
	journal = {Philosophical Magazine},
	keywords = {Anisotropy,Grain boundary engineering,Grain growth,Phase-field model,Polycrystalline thin film,Texture},
	number = {1-4},
	pages = {501--523},
	title = {{Grain growth in thin films with a fibre texture studied by phase-field simulations and mean field modelling}},
	volume = {90},
	year = {2010}
}

@article{Song2020,
	author = {Song, Yu Hao and Wang, Ming Tao and Ni, Jia and Jin, Jian Feng and Zong, Ya Ping},
	doi = {10.1088/1674-1056/abad1f},
	issn = {20583834},
	journal = {Chinese Physics B},
	keywords = {ZK60 alloy,grain size fluctuation,phase-field model, grain boundary (GB) energy anisotropy},
	number = {12},
	title = {{Effect of grain boundary energy anisotropy on grain growth in ZK60 alloy using a 3D phase-field modeling}},
	volume = {29},
	year = {2020}
}

@article{Chang2014,
	author = {Chang, Kunok and Moelans, Nele},
	doi = {10.1016/j.actamat.2013.10.058},
	issn = {1359-6454},
	journal = {Acta Materialia},
	keywords = {grain growth,phase-field modeling,textured microstructure},
	pages = {443--454},
	publisher = {Acta Materialia Inc.},
	title = {{Effect of grain boundary energy anisotropy on highly textured grain structures studied by phase-field simulations}},
	url = {http://dx.doi.org/10.1016/j.actamat.2013.10.058},
	volume = {64},
	year = {2014}
}

@article{Wendler2011,
	author = {Wendler, Frank and Mennerich, Christian and Nestler, Britta},
	doi = {10.1016/j.jcrysgro.2011.04.044},
	issn = {00220248},
	journal = {Journal of Crystal Growth},
	keywords = {A1. Phase-field modelling,A2. Hydrothermal crystal growth,A3. Polycrystalline deposition,B1. Zeolite films},
	number = {1},
	pages = {189--201},
	publisher = {Elsevier},
	title = {{A phase-field model for polycrystalline thin film growth}},
	url = {http://dx.doi.org/10.1016/j.jcrysgro.2011.04.044},
	volume = {327},
	year = {2011}
}

@book{Porter2009,
	author = {Porter, David A. and Easterling, Kenneth E. and Easterling, Kenneth E.},
	doi = {10.1201/9781439883570},
	edition = {third},
	isbn = {9780429112256},
	keywords = {TD mustread},
	mendeley-groups = {Books (1),Books (1)/thermodynamics},
	mendeley-tags = {TD mustread},
	month = {feb},
	publisher = {CRC Press},
	title = {{Phase Transformations in Metals and Alloys (Revised Reprint)}},
	url = {https://www.taylorfrancis.com/books/9781439883570},
	year = {2009}
}

@article{Minar2022dataset,
	author = {Minar, M.},
	doi = {10.17632/5wrv3ky9pp.2},
	title = {{Benchmarking of different strategies to include anisotropy in a curvature-driven multi-phase-field model}},
	url = {http://dx.doi.org/10.17632/5wrv3ky9pp.2},
	journal ={Mendeley Data, v2},
	year = {2022}
}

@article{Steinbach1999,
	author = {Steinbach, I. and Pezzolla, F.},
	doi = {10.1016/S0167-2789(99)00129-3},
	issn = {01672789},
	journal = {Physica D: Nonlinear Phenomena},
	keywords = {Lagrange formalism,Multiphase,Phase-field},
	number = {4},
	pages = {385--393},
	title = {{A generalized field method for multiphase transformations using interface fields}},
	volume = {134},
	year = {1999}
}

@article{Nestler2005,
	author = {Nestler, Britta and Garcke, Harald and Stinner, Bjorn},
	doi = {10.1103/PhysRevE.71.041609},
	file = {:C\:/Users/marti/OneDrive/Documents/Mendeley Desktop/Nestler, Garcke, Stinner/2005_Nestler, Garcke, Stinner_Physical Review E.pdf:pdf},
	journal = {Physical Review E},
	mendeley-groups = {phase-field modelling/multi-phase field},
	number = {4},
	pages = {041609},
	title = {{Multicomponent alloy solidification: Phase-field modeling and simulations}},
	url = {https://link.aps.org/doi/10.1103/PhysRevE.71.041609},
	volume = {71},
	year = {2005}
}

@article{Ma2006,
	author = {Ma, Ning and Chen, Qing and Wang, Yunzhi},
	doi = {10.1016/J.SCRIPTAMAT.2006.02.005},
	issn = {1359-6462},
	journal = {Scripta Materialia},
	month = {jun},
	number = {11},
	pages = {1919--1924},
	publisher = {Pergamon},
	title = {{Implementation of high interfacial energy anisotropy in phase field simulations}},
	url = {https://www.sciencedirect.com/science/article/pii/S1359646206001266},
	volume = {54},
	year = {2006}
}

@article{Kobayashi1993,
	author = {Kobayashi, Ryo},
	doi = {10.1016/0167-2789(93)90120-P},
	isbn = {0167-2789},
	issn = {01672789},
	journal = {Physica D},
	pages = {410--423},
	title = {{Modeling and numerical simulations of dendritic crystal growth}},
	volume = {63},
	year = {1993}
}

@article{McFadden1993,
	author = {McFadden, G. B. and Wheeler, A. A. and Braun, R. J. and Coriell, S. R. and Sekerka, R. F.},
	doi = {10.1103/PhysRevE.48.2016},
	issn = {1063-651X},
	journal = {Physical Review E},
	month = {sep},
	number = {3},
	pages = {2016--2024},
	pmid = {9960814},
	title = {{Phase-field models for anisotropic interfaces}},
	url = {https://link.aps.org/doi/10.1103/PhysRevE.48.2016},
	volume = {48},
	year = {1993}
}

@article{Tschukin2017,
	author = {Tschukin, Oleg and Silberzahn, Alexander and Selzer, Michael and Amos, Prince G K and Schneider, Daniel and Nestler, Britta},
	doi = {10.1186/s40517-017-0077-9},
	isbn = {4051701700},
	issn = {2195-9706},
	journal = {Geothermal Energy},
	keywords = {Allen–Cahn equation,Anisotropy,PF model anisotropy,Phase field,allen,anisotropy,cahn equation,phase field,review},
	publisher = {Springer Berlin Heidelberg},
	title = {{Concepts of modeling surface energy anisotropy in phase ‑ field approaches}},
	year = {2017}
}

@article{Wheeler2006,
	author = {Wheeler, A. A.},
	doi = {10.1098/rspa.2006.1721},
	issn = {14712946},
	journal = {Proceedings of the Royal Society A: Mathematical, Physical and Engineering Sciences},
	keywords = {Anisotropy,Interface,Phase-field,Regularization,Surface energy},
	mendeley-groups = {Anisotropic_growth/phase field},
	number = {2075},
	pages = {3363--3384},
	title = {{Phase-field theory of edges in an anisotropic crystal}},
	volume = {462},
	year = {2006}
}

@article{Torabi2009,
	author = {Torabi, Solmaz and Lowengrub, John and Voigt, Axel and Wise, Steven},
	doi = {10.1098/rspa.2008.0385},
	issn = {14712946},
	journal = {Proceedings of the Royal Society A: Mathematical, Physical and Engineering Sciences},
	keywords = {Cahn-Hilliard equations,Interfacial anisotropy,Phase field,Quantum dots,Thin film,Willmore regularization},
	number = {2105},
	pages = {1337--1359},
	title = {{A new phase-field model for strongly anisotropic systems}},
	volume = {465},
	year = {2009}
}

@article{Fleck2011,
	author = {Fleck, M. and Mushongera, L. and Pilipenko, D. and Ankit, K. and Emmerich, H.},
	doi = {10.1140/epjp/i2011-11095-7},
	issn = {2190-5444},
	journal = {The European Physical Journal Plus},
	month = {oct},
	number = {10},
	pages = {95},
	publisher = {Springer-Verlag},
	title = {{On phase-field modeling with a highly anisotropic interfacial energy}},
	url = {http://link.springer.com/10.1140/epjp/i2011-11095-7},
	volume = {126},
	year = {2011}
}

@article{Bellettini1996,
	author = {Bellettini, G. and Paolini, M.},
	doi = {10.14492/hokmj/1351516749},
	issn = {03854035},
	journal = {Hokkaido Mathematical Journal},
	keywords = {Finsler spaces,Fronts propagation,Mean curvature flow,Surface area},
	number = {3},
	pages = {537--566},
	title = {{Anisotropic motion by mean curvature in the context of finsler geometry}},
	volume = {25},
	year = {1996}
}

@article{Benes2003,
	author = {Bene{\v{s}}, Michal},
	doi = {10.1023/B:APOM.0000024485.24886.b9},
	issn = {08627940},
	journal = {Applications of Mathematics},
	keywords = {FDM,Finsler geometry,mean-curvature flow,phase-field method},
	number = {6},
	pages = {437--453},
	title = {{Diffuse-interface treatment of the anisotropic mean-curvature flow}},
	volume = {48},
	year = {2003}
}

@article{Elliott1996,
	author = {Elliott, Charles M. and Sch{\"{a}}tzle, Reiner},
	doi = {10.1017/S0308210500023374},
	issn = {03082105},
	journal = {Royal Society of Edinburgh - Proceedings A},
	number = {6},
	pages = {1217--1234},
	title = {{The limit of the anisotropic double-obstacle Allen-Cahn equation}},
	volume = {126},
	year = {1996}
}

@article{Allen1979,
	author = {Allen, Samuel M. and Cahn, John W.},
	doi = {10.1016/0001-6160(79)90196-2},
	issn = {00016160},
	journal = {Acta Metallurgica},
	number = {6},
	pages = {1085--1095},
	title = {{A microscopic theory for antiphase boundary motion and its application to antiphase domain coarsening}},
	volume = {27},
	year = {1979}
}

@article{Wheeler2019,
	author = {Wheeler, Daniel and Keller, Trevor and DeWitt, Stephen J. and Jokisaari, Andrea M and Schwen, Daniel and Guyer, Jonathan E and Aagesen, Larry K and Heinonen, Olle G and Tonks, Michael R and Voorhees, Peter W and Warren, James A},
	doi = {10.5334/jors.276},
	issn = {2049-9647},
	journal = {Journal of Open Research Software},
	month = {sep},
	number = {1},
	pages = {29},
	title = {{PFHub: The Phase-Field Community Hub}},
	url = {https://openresearchsoftware.metajnl.com/article/10.5334/jors.276/},
	volume = {7},
	year = {2019}
}


@article{Jokisaari2017,
	author = {Jokisaari, A.M. and Voorhees, P.W. and Guyer, J.E. and Warren, J. and Heinonen, O.G.},
	doi = {10.1016/J.COMMATSCI.2016.09.022},
	issn = {0927-0256},
	journal = {Computational Materials Science},
	month = {jan},
	pages = {139--151},
	publisher = {Elsevier},
	title = {{Benchmark problems for numerical implementations of phase field models}},
	url = {https://www.sciencedirect.com/science/article/pii/S0927025616304712},
	volume = {126},
	year = {2017}
}

@article{Jokisaari2020,
	author = {Jokisaari, A. M. and Wu, W. and Voorhees, P. W. and Guyer, J. E. and Warren, J. A. and Heinonen, O. G.},
	doi = {10.1016/j.commatsci.2020.109548},
	issn = {09270256},
	journal = {Computational Materials Science},
	keywords = {Benchmark,Electrochemistry,Phase field,Stokes flow},
	number = {January},
	title = {{Phase field benchmark problems targeting fluid flow and electrochemistry}},
	volume = {176},
	year = {2020}
}

@article{Jokisaari2018,
	author = {Jokisaari, A. M. and Voorhees, P. W. and Guyer, J. E. and Warren, J. A. and Heinonen, O. G.},
	doi = {10.1016/j.commatsci.2018.03.015},
	issn = {09270256},
	journal = {Computational Materials Science},
	keywords = {Benchmark,Dendrite,Elasticity,PFM,Phase field,benchmark},
	number = {October 2017},
	pages = {336--347},
	publisher = {Elsevier},
	title = {{Phase field benchmark problems for dendritic growth and linear elasticity}},
	url = {https://doi.org/10.1016/j.commatsci.2018.03.015},
	volume = {149},
	year = {2018}
}

@article{Alt2004,
	author = {Alt, Helmut and Knauer, Christian and Wenk, Carola},
	doi = {10.1007/s00453-003-1042-5},
	issn = {0178-4617},
	journal = {Algorithmica},
	keywords = {Computational geometry,Fr{\'{e}}chet,Hausdorff,Planar curves},
	mendeley-groups = {Other},
	month = {jan},
	number = {1},
	pages = {45--58},
	title = {{Comparison of Distance Measures for Planar Curves}},
	url = {http://link.springer.com/10.1007/s00453-003-1042-5},
	volume = {38},
	year = {2004}
}

@inproceedings{LiZhu2014,
	author = {{Li Zhu} and {Chun-qiang Zhu}},
	booktitle = {2014 IEEE Workshop on Electronics, Computer and Applications},
	doi = {10.1109/IWECA.2014.6845566},
	isbn = {978-1-4799-4565-8},
	keywords = {-image matching,hausdorff distance,image},
	mendeley-groups = {Other/Hausdorff distance},
	month = {may},
	number = {3},
	pages = {97--100},
	publisher = {IEEE},
	title = {{Application of Hausdorff distance in image matching}},
	url = {http://ieeexplore.ieee.org/document/6845566/},
	year = {2014}
}

@misc{ZacharyDanziger2010,
	author = {{Zachary Danziger}},
	booktitle = {MATLAB Central File Exchange},
	mendeley-groups = {Other/Hausdorff distance},
	title = {{Hausdorff Distance}},
	url = {https://www.mathworks.com/matlabcentral/fileexchange/26738-hausdorff-distance},
	urldate = {2022-05-26},
	year = {2010}
}

@article{Bao2017,
   author = {Weizhu Bao and Wei Jiang and David J. Srolovitz and Yan Wang},
   doi = {10.1137/16M1091599},
   isbn = {1321202067},
   issn = {0036-1399},
   issue = {6},
   journal = {SIAM Journal on Applied Mathematics},
   month = {1},
   pages = {2093-2118},
   title = {Stable Equilibria of Anisotropic Particles on Substrates: A Generalized Winterbottom Construction},
   volume = {77},
   
   year = {2017},
}

@article{Winterbottom1967,
   author = {W. L. Winterbottom},
   doi = {10.1016/0001-6160(67)90206-4},
   issn = {00016160},
   issue = {2},
   journal = {Acta Metallurgica},
   pages = {303-310},
   title = {Equilibrium shape of a small particle in contact with a foreign substrate},
   volume = {15},
   year = {1967},
}

@book{Milchev2002,
   author = {Alexander Milchev},
   city = {Boston},
   doi = {10.1007/b113784},
   isbn = {1-4020-7090-X},
   publisher = {Kluwer Academic Publishers},
   title = {Electrocrystallization: fundamentals of nucleation and growth},
   year = {2002},
}

@article{kaischew1951,
  title={Sur la thermodynamique des germes cristallins},
  author={Kaischew, R},
  journal={Bull. Acad. Sci. Bulg.(Ser. Phys.)},
  volume={2},
  pages={191},
  year={1951}
}

@article{Mariaux2011,
   author = {A Mariaux and M Rappaz},
   doi = {10.1016/j.actamat.2010.10.015},
   issn = {1359-6454},
   issue = {3},
   journal = {Acta Materialia},
   keywords = {anisotropy,heterogeneous nucleation of phases,hot-dip galvanization,interface energy,texture},
   pages = {927-933},
   publisher = {Acta Materialia Inc.},
   title = {Influence of anisotropy on heterogeneous nucleation},
   volume = {59},
   
   year = {2011},
}

@article{Pangarov1962,
   author = {N.A. Pangarov},
   doi = {10.1016/0013-4686(62)80023-1},
   issn = {00134686},
   issue = {1},
   journal = {Electrochimica Acta},
   month = {1},
   pages = {139-146},
   title = {The crystal orientation of electrodeposited metals},
   volume = {7},
   
   year = {1962},
}

@article{Pangarov1964,
   author = {N. A. Pangarov},
   doi = {10.1016/0013-4686(64)80060-8},
   issn = {00134686},
   issue = {6},
   journal = {Electrochimica Acta},
   pages = {721-726},
   title = {On the crystal orientation of electrodeposited metals},
   volume = {9},
   year = {1964},
}

@online{wiki_modulo,
  author = {Wikipedia},
  title = {{Modulo}},
  year = 2023,
  
  
  urldate = {2023-05-11}
}

@article{Li1997_1,
   author = {D.Y. Li and J.A. Szpunar},
   doi = {10.1016/0013-4686(96)00164-8},
   isbn = {0000000000},
   issn = {00134686},
   issue = {1},
   journal = {Electrochimica Acta},
   month = {1},
   pages = {37-45},
   title = {A Monte Carlo simulation approach to the texture formation during electrodeposition—I. The simulation model},
   volume = {42},
   
   year = {1997},
}

@article{Li1997_2,
   author = {D.Y. Li and J.A. Szpunar},
   doi = {10.1016/0013-4686(96)00158-2},
   issn = {00134686},
   issue = {1},
   journal = {Electrochimica Acta},
   keywords = {electrodeposition,magnetocrystalline anisotropy.,simulation,surface energy,texture},
   month = {1},
   pages = {47-60},
   title = {A Monte Carlo simulation approach to the texture formation during electrodeposition—II. Simulation and experiment},
   volume = {42},
   
   year = {1997},
}

@article{Zia1988,
   author = {R. K. P. Zia and J. E. Avron and J. E. Taylor},
   doi = {10.1007/BF01026498},
   issn = {0022-4715},
   issue = {3-4},
   journal = {Journal of Statistical Physics},
   month = {2},
   pages = {727-736},
   title = {The summertop construction: Crystals in a corner},
   volume = {50},
   
   year = {1988},
}


@article{Thompson1993,
   author = {C.V. Thompson},
   doi = {10.1016/0956-716X(93)90557-9},
   issn = {0956-716X},
   issue = {2},
   journal = {Scripta Metallurgica et Materialia},
   month = {1},
   pages = {167-172},
   publisher = {Pergamon},
   title = {Texture evolution during grain growth in polycrystalline films},
   volume = {28},
   year = {1993},
}


@article{Consonni2008,
   author = {V. Consonni and G. Feuillet and P. Gergaud},
   doi = {10.1016/J.ACTAMAT.2008.08.019},
   issn = {1359-6454},
   issue = {20},
   journal = {Acta Materialia},
   month = {12},
   pages = {6087-6096},
   publisher = {Pergamon},
   title = {The flow stress in polycrystalline films: Dimensional constraints and strengthening effects},
   volume = {56},
   year = {2008},
}

@article{Rasmussen2001,
   author = {Anette A. Rasmussen and Jens A.D. Jensen and Andy Horsewell and Marcel A.J. Somers},
   doi = {10.1016/S0013-4686(01)00583-7},
   issn = {00134686},
   issue = {1-2},
   journal = {Electrochimica Acta},
   keywords = {copper plating,electrodeposition,microstructures,textures},
   month = {9},
   pages = {67-74},
   title = {Microstructure in electrodeposited copper layers; the role of the substrate},
   volume = {47},
   
   year = {2001},
}

@article{SonnweberRibic2006,
   author = {P Sonnweber-Ribic and P Gruber and G Dehm and E Arzt},
   doi = {10.1016/j.actamat.2006.03.057},
   issn = {13596454},
   issue = {15},
   journal = {Acta Materialia},
   month = {9},
   pages = {3863-3870},
   publisher = {Pergamon},
   title = {Texture transition in Cu thin films: Electron backscatter diffraction vs. X-ray diffraction},
   volume = {54},
   
   year = {2006},
}

@article{Sanchez1992,
   author = {J.E. Sanchez and E. Arzt},
   doi = {10.1016/0956-716X(92)90513-E},
   issn = {0956-716X},
   issue = {3},
   journal = {Scripta Metallurgica et Materialia},
   month = {8},
   pages = {285-290},
   publisher = {Pergamon},
   title = {Effects of grain orientation on hillock formation and grain growth in aluminum films on silicon substrates},
   volume = {27},
   
   year = {1992},
}

@article{Amblard1979,
   author = {J. Amblard and I. Epelboin and M. Froment and G. Maurin},
   doi = {10.1007/BF00616093},
   issn = {0021-891X},
   issue = {2},
   journal = {Journal of Applied Electrochemistry},
   keywords = {Electrochemistry,Industrial Chemistry/Chemical Engineering,Physical Chemistry},
   month = {3},
   pages = {233-242},
   publisher = {Springer},
   title = {Inhibition and nickel electrocrystallization},
   volume = {9},
   
   year = {1979},
}

@article{BergenstofNielsen1997,
   author = {C. Bergenstof Nielsen and A. Horsewell and M. J.L. Østergård},
   doi = {10.1023/A:1018429013660},
   issn = {0021891X},
   issue = {7},
   journal = {Journal of Applied Electrochemistry},
   pages = {839-845},
   title = {On texture formation of nickel electrodeposits},
   volume = {27},
   year = {1997},
}

@article{Kozlov2003,
   author = {V.M Kozlov and L Peraldo Bicelli},
   doi = {10.1016/S0254-0584(02)00004-4},
   issn = {02540584},
   issue = {1},
   journal = {Materials Chemistry and Physics},
   keywords = {Atomistic analysis of nucleation,Copper and nickel electrodeposits,Initial and growth texture,Preferred orientation of metal electrodeposits},
   month = {1},
   pages = {289-293},
   publisher = {Elsevier},
   title = {Texture formation of electrodeposited fcc metals},
   volume = {77},
   
   year = {2003},
}


@article{Alimadadi2016,
   author = {Hossein Alimadadi and Alice Bastos Fanta and Takeshi Kasama and Marcel A.J. Somers and Karen Pantleon},
   doi = {10.1016/j.surfcoat.2016.04.068},
   issn = {02578972},
   journal = {Surface and Coatings Technology},
   keywords = {Cross-section,Crystallographic texture,EBSD,Electrodeposition,Nickel,Watts electrolyte},
   month = {8},
   pages = {1-6},
   publisher = {Elsevier B.V.},
   title = {Texture and microstructure evolution in nickel electrodeposited from an additive-free Watts electrolyte},
   volume = {299},
   
   year = {2016},
}

@book{Schlesinger2010,
   author = {Mordechay Schlesinger and Milan Paunovic},
   edition = {fifth},
   isbn = {0471549681},
   journal = {The Electrochemical Society series},
   keywords = {Electroplating.},
   pmid = {1695438},
   title = {Modern electroplating},
   %
   year = {2010},
}

@article{Wulff1901,
   author = {G. Wulff},
   doi = {10.1524/zkri.1901.34.1.449},
   issn = {2196-7105},
   issue = {1-6},
   journal = {Zeitschrift für Kristallographie - Crystalline Materials},
   month = {12},
   pages = {449-530},
   title = {XXV. Zur Frage der Geschwindigkeit des Wachsthums und der Auflösung der Krystallflächen},
   volume = {34},
   year = {1901},
}

[dataset]@article{Minar2023dataset,
author = {Minar, M.},
doi = {10.17632/bsdff8shbz.1},
title = {{Influence of surface energy anisotropy on nucleation and crystallographic texture of polycrystalline deposits}},
journal ={Mendeley Data, v1},
year = {2023}
}

@book{Herring1951,
  title={The Physics of Powder Metallurgy: A Symposium Held at Bayside, LI, New York, August 24-26, 1949},
  author={Kingston, Walter E},
  year={1951},
  publisher={McGraw-Hill},
  pages = {143},
}

@article{Johnson1965,
   author = {Charles A. Johnson},
   doi = {10.1016/0039-6028(65)90024-5},
   issn = {0039-6028},
   issue = {5},
   journal = {Surface Science},
   month = {12},
   pages = {429-444},
   publisher = {North-Holland},
   title = {Generalization of the Gibbs-Thomson equation},
   volume = {3},
   year = {1965},
}

@article{Bellemans2017,
   author = {Inge Bellemans and Nele Moelans and Kim Verbeken},
   doi = {10.1080/10408436.2017.1397500},
   issn = {1040-8436},
   issue = {0},
   journal = {Critical Reviews in Solid State and Materials Sciences},
   keywords = {Phase field model,microstructure evolution,extract},
   pages = {1-38},
   publisher = {Taylor \& Francis},
   title = {Phase-Field Modelling in Extractive Metallurgy},
   volume = {0},
   IGNOREurl = {https://www.tandfonline.com/doi/full/10.1080/10408436.2017.1397500},
   year = {2017},
}

@article{Granasy2007,
   author = {László Gránásy and Tamás Pusztai and David Saylor and James A. Warren},
   doi = {10.1103/PhysRevLett.98.035703},
   issn = {0031-9007},
   issue = {3},
   journal = {Physical Review Letters},
   month = {1},
   pages = {035703},
   title = {Phase Field Theory of Heterogeneous Crystal Nucleation},
   volume = {98},
   url = {https://link.aps.org/doi/10.1103/PhysRevLett.98.035703},
   year = {2007},
}

@article{Minar2022dataset,
author = {Minar, M.},
doi = {10.17632/5wrv3ky9pp.2},
title = {{Benchmarking of different strategies to include anisotropy in a curvature-driven multi-phase-field model}},
url = {http://dx.doi.org/10.17632/5wrv3ky9pp.2},
journal ={Mendeley Data, v2},
year = {2022}
}

@article{Hoffman1972,
   author = {David W. Hoffman and John W. Cahn},
   doi = {10.1016/0039-6028(72)90268-3},
   issn = {00396028},
   issue = {C},
   journal = {Surface Science},
   pages = {368-388},
   title = {A vector thermodynamics for anisotropic surfaces. I. Fundamentals and application to plane surface junctions},
   volume = {31},
   year = {1972},
}


@article{Miura2013,
   author = {Hitoshi Miura},
   doi = {10.1016/j.jcrysgro.2013.01.014},
   issn = {00220248},
   journal = {Journal of Crystal Growth},
   keywords = {A1. Anisotropic kinetics,A1. Computer simulation,A1. Crystal morphology,A1. Phase-field,B1. Alloys},
   pages = {8-17},
   publisher = {Elsevier},
   title = {Anisotropy function of kinetic coefficient for phase-field simulations: Reproduction of kinetic Wulff shape with arbitrary face angles},
   volume = {367},
   url = {http://dx.doi.org/10.1016/j.jcrysgro.2013.01.014},
   year = {2013},
}

@article{Yadav2018,
   author = {Vishal Yadav and Nele Moelans},
   doi = {10.1016/j.actamat.2018.04.056},
   issn = {13596454},
   journal = {Acta Materialia},
   keywords = {Grain growth,Grain topology,Simulations,Volumetric growth rate},
   pages = {275-286},
   publisher = {Elsevier Ltd},
   title = {Analysis of grain topology and volumetric growth rate relation in three-dimensional normal grain growth},
   volume = {156},
   url = {https://doi.org/10.1016/j.actamat.2018.04.056},
   year = {2018},
}

@article{Chen1994,
   author = {Long-Qing Chen and Wei Yang},
   doi = {10.1103/PhysRevB.50.15752},
   issn = {0163-1829},
   issue = {21},
   journal = {Physical Review B},
   month = {12},
   pages = {15752-15756},
   title = {Computer simulation of the domain dynamics of a quenched system with a large number of nonconserved order parameters: The grain-growth kinetics},
   volume = {50},
   url = {https://link.aps.org/doi/10.1103/PhysRevB.50.15752},
   year = {1994},
}

@article{Steinbach1996,
   author = {I Steinbach and F Pezzolla and B Nestler and M Sedklberg and R G J Ptieler and J L L Rezende},
   journal = {Physica D},
   pages = {135-147},
   title = {A phase field concept for multiphase systems},
   volume = {94},
   url = {https://doi.org/10.1016/0167-2789(95)00298-7},
   year = {1996},
}

@article{Daubner2023,
   author = {Simon Daubner and Paul W. Hoffrogge and Martin Minar and Britta Nestler},
   doi = {10.1016/J.COMMATSCI.2022.111995},
   issn = {0927-0256},
   journal = {Computational Materials Science},
   month = {2},
   pages = {111995},
   publisher = {Elsevier},
   title = {Triple junction benchmark for multiphase-field and multi-order parameter models},
   volume = {219},
   url = {https://www.sciencedirect.com/science/article/abs/pii/S0927025622007066},
   year = {2023},
}

@article{Minar2022,
   author = {Martin Minar and Nele Moelans},
   doi = {10.1103/PhysRevMaterials.6.103404},
   issn = {2475-9953},
   issue = {10},
   journal = {Physical Review Materials},
   month = {10},
   pages = {103404},
   publisher = {American Physical Society},
   title = {Benchmarking of different strategies to include anisotropy in a curvature-driven multi-phase-field model},
   volume = {6},
   url = {https://link.aps.org/doi/10.1103/PhysRevMaterials.6.103404},
   year = {2022},
}

@article{Chen2015,
   author = {Lei Chen and Hao Wei Zhang and Lin Yun Liang and Zhe Liu and Yue Qi and Peng Lu and James Chen and Long Qing Chen},
   doi = {10.1016/j.jpowsour.2015.09.055},
   issn = {03787753},
   journal = {Journal of Power Sources},
   keywords = {Dendrite,Electrodeposition,Lithium-ion battery,Phase-field model},
   pages = {376-385},
   publisher = {Elsevier B.V},
   title = {Modulation of dendritic patterns during electrodeposition: A nonlinear phase-field model},
   volume = {300},
   url = {http://dx.doi.org/10.1016/j.jpowsour.2015.09.055},
   year = {2015},
}


@article{Minar2024,
   author = {Martin Minar and Nele Moelans},
   doi = {10.1016/J.COMMATSCI.2023.112575},
   issn = {0927-0256},
   journal = {Computational Materials Science},
   month = {1},
   pages = {112575},
   publisher = {Elsevier},
   title = {Influence of surface energy anisotropy on nucleation and crystallographic texture of polycrystalline deposits},
   volume = {231},
   url = {https://www.sciencedirect.com/science/article/abs/pii/S0927025623005694},
   year = {2024},
}

@article{Guyer2004a,
   author = {J. E. Guyer and W. J. Boettinger and J. A. Warren and G. B. McFadden},
   doi = {10.1103/PhysRevE.69.021603},
   issn = {1539-3755},
   issue = {2},
   journal = {Physical Review E},
   month = {2},
   pages = {021603},
   publisher = {American Physical Society},
   title = {Phase field modeling of electrochemistry. I. Equilibrium},
   volume = {69},
   url = {https://link.aps.org/doi/10.1103/PhysRevE.69.021603},
   year = {2004},
}

@article{Guyer2004b,
   author = {J. E. Guyer and W. J. Boettinger and J. A. Warren and G. B. McFadden},
   doi = {10.1103/PhysRevE.69.021604},
   issn = {1539-3755},
   issue = {2},
   journal = {Physical Review E},
   month = {2},
   pages = {021604},
   title = {Phase field modeling of electrochemistry. II. Kinetics},
   volume = {69},
   url = {http://arxiv.org/abs/cond-mat/0308179%0Ahttp://dx.doi.org/10.1103/PhysRevE.69.021604 https://link.aps.org/doi/10.1103/PhysRevE.69.021604},
   year = {2004},
}

@article{Nestler2008,
   author = {Britta Nestler and Frank Wendler and Michael Selzer and Björn Stinner and Harald Garcke},
   doi = {10.1103/PhysRevE.78.011604},
   issn = {15393755},
   issue = {1},
   journal = {Physical Review E - Statistical, Nonlinear, and Soft Matter Physics},
   pages = {1-7},
   title = {Phase-field model for multiphase systems with preserved volume fractions},
   volume = {78},
   year = {2008},
}

@article{Yadav2018vol_cons,
   author = {Vishal Yadav and Nele Moelans},
   doi = {10.1016/j.scriptamat.2017.11.023},
   issn = {13596462},
   keywords = {Bulk diffusion,Grain growth,Phase field model,Simulations},
   journal = {Scripta Materialia},
   pages = {142-145},
   publisher = {Acta Materialia Inc.},
   title = {Comparison of coarsening behaviour in non-conserved and volume-conserved isotropic two-phase grain structures},
   volume = {146},
   url = {https://doi.org/10.1016/j.scriptamat.2017.11.023},
   year = {2018},
}


@article{Damjanovic1966,
author = {Damjanovic, A. and Setty, T. H. V. and Bockris, J. O'M.},
journal = {J. Electrochem. Soc.},
month = {5},
number = {5},
pages = {429},
publisher = {The Electrochemical Society},
title = {{Effect of Crystal Plane on the Mechanism and the Kinetics of Copper Electrocrystallization}},
url = {http://jes.ecsdl.org/cgi/doi/10.1149/1.2423989},
volume = {113},
year = {1966}
}

@article{Tran2016,
author = {Tran, Richard and Xu, Zihan and Radhakrishnan, Balachandran and Winston, Donald and Sun, Wenhao and Persson, Kristin A. and Ong, Shyue Ping},
issn = {2052-4463},
journal = {Sci. Data},
month = {12},
number = {1},
pages = {160080},
title = {{Surface energies of elemental crystals}},
url = {http://www.nature.com/articles/sdata201680},
volume = {3},
year = {2016}
}

@article{Wang2000,
author = {Wang, S.G. and Tian, E.K. and Lung, C.W.},
journal = {J. Phys. Chem. Solids},
mendeley-groups = {Anisotropic{\_}growth,Anisotropic{\_}growth/surface energy},
month = {8},
number = {8},
pages = {1295--1300},
publisher = {Pergamon},
title = {{Surface energy of arbitrary crystal plane of bcc and fcc metals}},
url = {https://www.sciencedirect.com/science/article/pii/S0022369799004151},
volume = {61},
year = {2000}
}

@article{Salvalaglio2015,
   author = {Marco Salvalaglio and Rainer Backofen and Roberto Bergamaschini and Francesco Montalenti and Axel Voigt},
   doi = {10.1021/acs.cgd.5b00165},
   issn = {1528-7483},
   issue = {6},
   journal = {Crystal Growth \& Design},
   month = {6},
   pages = {2787-2794},
   title = {Faceting of Equilibrium and Metastable Nanostructures: A Phase-Field Model of Surface Diffusion Tackling Realistic Shapes},
   volume = {15},
   url = {https://pubs.acs.org/doi/10.1021/acs.cgd.5b00165},
   year = {2015},
}

@book{Dinnebier2008,
    author = {Dinnebier, R E and Billinge, S J L},
    title = "{Powder Diffraction: Theory and Practice}",
    publisher = {The Royal Society of Chemistry},
    year = {2008},
    month = {03},
    isbn = {978-0-85404-231-9},
    doi = {10.1039/9781847558237},
    url = {https://doi.org/10.1039/9781847558237},
}

@article{Szpunar1997,
  title={Texture in films and Coatings},
  author={Szpunar, Jerzy A},
  journal={MRS Online Proceedings Library (OPL)},
  volume={472},
  pages={45},
  year={1997},
  publisher={Cambridge University Press}
}

@book{Suwas2014,
   author = {Satyam Suwas and Ranjit Kumar Ray},
   city = {London},
   doi = {10.1007/978-1-4471-6314-5},
   isbn = {978-1-4471-6313-8},
   publisher = {Springer London},
   title = {Crystallographic Texture of Materials},
   url = {https://link.springer.com/10.1007/978-1-4471-6314-5},
   year = {2014},
}

@book{Schlesinger2006,
   author = {Mordechay Schlesinger and Milan Paunovic},
   edition = {2nd},
   isbn = {9780471712213},
   pages = {374},
   title = {Fundamentals of Electrochemical Deposition},
   year = {2006},
}

@article{Winand1992,
   author = {René Winand},
   doi = {10.1016/0304-386X(92)90033-V},
   issn = {0304386X},
   issue = {1-3},
   journal = {Hydrometallurgy},
   month = {6},
   pages = {567-598},
   title = {Electrocrystallization - theory and applications},
   volume = {29},
   url = {https://linkinghub.elsevier.com/retrieve/pii/0304386X9290033V},
   year = {1992},
}

@article{Barna1998,
   author = {P.B Barna and M Adamik},
   doi = {10.1016/S0040-6090(97)00503-8},
   issn = {0040-6090},
   issue = {1-2},
   journal = {Thin Solid Films},
   month = {4},
   pages = {27-33},
   publisher = {Elsevier},
   title = {Fundamental structure forming phenomena of polycrystalline films and the structure zone models},
   volume = {317},
   url = {https://www.sciencedirect.com/science/article/abs/pii/S0040609097005038},
   year = {1998},
}

@article{Abadias2018,
   author = {Grégory Abadias and Eric Chason and Jozef Keckes and Marco Sebastiani and Gregory B. Thompson and Etienne Barthel and Gary L. Doll and Conal E. Murray and Chris H. Stoessel and Ludvik Martinu},
   doi = {10.1116/1.5011790},
   issn = {0734-2101},
   issue = {2},
   journal = {Journal of Vacuum Science \& Technology A: Vacuum, Surfaces, and Films},
   keywords = {X-ray diffraction,coatings,crystal microstructure,focused ion beam technology,internal stresses,plasma CVD,stress relaxation,thin films},
   month = {3},
   pages = {020801},
   publisher = {American Vacuum Society},
   title = {Review Article: Stress in thin films and coatings: Current status, challenges, and prospects},
   volume = {36},
   url = {http://avs.scitation.org/doi/10.1116/1.5011790},
   year = {2018},
}


@article{Thornton1989,
   author = {John A. Thornton and D.W. Hoffman},
   doi = {10.1016/0040-6090(89)90030-8},
   issn = {0040-6090},
   issue = {1},
   journal = {Thin Solid Films},
   month = {4},
   pages = {5-31},
   publisher = {Elsevier},
   title = {Stress-related effects in thin films},
   volume = {171},
   url = {https://www.sciencedirect.com/science/article/pii/0040609089900308},
   year = {1989},
}

@article{Chason2015,
   author = {Eric Chason and Alison M. Engwall},
   doi = {10.1016/j.tsf.2015.06.061},
   issn = {00406090},
   journal = {Thin Solid Films},
   keywords = {Deposition,Polycrystalline,Residual stress,Stress,Thin films,Wafer curvature},
   pages = {2-7},
   publisher = {Elsevier B.V.},
   title = {Relating residual stress to thin film growth processes via a kinetic model and real-time experiments},
   volume = {596},
   url = {http://dx.doi.org/10.1016/j.tsf.2015.06.061},
   year = {2015},
}

@article{Chason2002,
   author = {E. Chason and B. W. Sheldon and L. B. Freund and J. A. Floro and S. J. Hearne},
   doi = {10.1103/PhysRevLett.88.156103},
   isbn = {0031-9007},
   issn = {10797114},
   issue = {15},
   journal = {Physical Review Letters},
   pages = {4},
   pmid = {11955209},
   title = {Origin of Compressive Residual Stress in Polycrystalline Thin Films},
   volume = {88},
   year = {2002},
}

@article{Du2007,
   author = {D Du and H Zhang and D Srolovitz},
   doi = {10.1016/j.actamat.2006.08.038},
   issn = {13596454},
   issue = {2},
   journal = {Acta Materialia},
   month = {1},
   pages = {467-471},
   publisher = {Pergamon},
   title = {Properties and determination of the interface stiffness},
   volume = {55},
   url = {https://linkinghub.elsevier.com/retrieve/pii/S1359645406006161},
   year = {2007},
}

@article{Herring1999,
   author = {Conyers Herring},
   doi = {10.1007/978-3-642-59938-5_2},
   isbn = {978-3-642-59938-5},
   journal = {Fundamental Contributions to the Continuum Theory of Evolving Phase Interfaces in Solids},
   pages = {33-69},
   publisher = {Springer, Berlin, Heidelberg},
   title = {Surface Tension as a Motivation for Sintering},
   url = {https://link.springer.com/chapter/10.1007/978-3-642-59938-5_2},
   year = {1999},
}

@article{Trautt2005,
   author = {Z.T. Trautt and M. Upmanyu},
   doi = {10.1016/j.scriptamat.2004.12.033},
   issn = {13596462},
   issue = {11},
   journal = {Scripta Materialia},
   month = {6},
   pages = {1175-1179},
   publisher = {Pergamon},
   title = {Direct two-dimensional calculations of grain boundary stiffness},
   volume = {52},
   url = {https://linkinghub.elsevier.com/retrieve/pii/S135964620500014X},
   year = {2005},
}

@article{Moore2021,
   author = {Robert D. Moore and Timothy Beecroft and Gregory S. Rohrer and Christopher M. Barr and Eric R. Homer and Khalid Hattar and Brad L. Boyce and Fadi Abdeljawad},
   doi = {10.1016/J.ACTAMAT.2021.117220},
   issn = {1359-6454},
   journal = {Acta Materialia},
   keywords = {Equilibrium shape,Grain boundary energy,Grain boundary migration,Grain boundary stiffness,Plane normal},
   month = {10},
   pages = {117220},
   publisher = {Pergamon},
   title = {The grain boundary stiffness and its impact on equilibrium shapes and boundary migration: Analysis of the Sigma5, 7, 9, and 11 boundaries in Ni},
   volume = {218},
   year = {2021},
}

@article{Blixt2022,
   author = {Kevin Hult Blixt and Håkan Hallberg},
   doi = {10.1088/1361-651X/ac3ca1},
   issn = {0965-0393},
   issue = {1},
   journal = {Modelling and Simulation in Materials Science and Engineering},
   keywords = {capillary fluctuation method,grain boundary,grain boundary energy,grain boundary stiffness,grain boundary structure,phase field crystal},
   month = {1},
   pages = {014002},
   publisher = {IOP Publishing},
   title = {Evaluation of grain boundary energy, structure and stiffness from phase field crystal simulations},
   volume = {30},
   url = {https://iopscience.iop.org/article/10.1088/1361-651X/ac3ca1},
   year = {2022},
}

@article{Rowenhorst2005,
   author = {D. J. Rowenhorst and P. W. Voorhees},
   doi = {10.1007/s11661-005-0333-7},
   issn = {10735623},
   issue = {8},
   journal = {Metallurgical and Materials Transactions A: Physical Metallurgy and Materials Science},
   pages = {2127-2135},
   title = {Measurements of the grain boundary energy and anisotropy in tin},
   volume = {36},
   year = {2005},
}

@article{Tian2007,
   author = {N. Tian and Z.-Y. Zhou and S.-G. Sun and Y. Ding and Z. L. Wang},
   doi = {10.1126/science.1140484},
   issn = {0036-8075},
   issue = {5825},
   journal = {Science},
   month = {5},
   pages = {732-735},
   title = {Synthesis of Tetrahexahedral Platinum Nanocrystals with High-Index Facets and High Electro-Oxidation Activity},
   volume = {316},
   url = {http://www.sciencemag.org/cgi/doi/10.1126/science.1140484},
   year = {2007},
}

@article{PierreLuis2016,
   author = {Olivier Pierre-Louis},
   doi = {10.1016/j.pcrysgrow.2016.04.009},
   issn = {09608974},
   issue = {2},
   journal = {Progress in Crystal Growth and Characterization of Materials},
   keywords = {Crystal growth,Solid-state wetting,Thin films,Wetting},
   month = {6},
   pages = {177-202},
   publisher = {Elsevier Ltd},
   title = {Solid-state wetting at the nanoscale},
   volume = {62},
   url = {https://linkinghub.elsevier.com/retrieve/pii/S0960897416300122},
   year = {2016},
}

@misc{Bormashenko2021,
   author = {Edward Bormashenko and Viktor Valtsifer},
   doi = {10.1016/j.cis.2021.102510},
   issn = {00018686},
   journal = {Advances in Colloid and Interface Science},
   keywords = {Anti-icing surfaces,Heterogeneous nucleation,Interfacial crystallization,Partial wetting,Winterbottom construction,Wulff construction},
   month = {10},
   publisher = {Elsevier B.V.},
   title = {Interfacial crystallization at the intersection of thermodynamic and geometry},
   volume = {296},
   year = {2021},
}

@article{Kaischew1951,
   author = {R. Kaischew},
   journal = {Commun. Bulg. Acad. Sci.},
   note = {reference 1.50 by milchev 2002 about the first publication of the equilibrium stable shape of faceted particle on a plane},
   pages = {191},
   title = {"unknown title"},
   volume = {2},
   year = {1951},
}

@article{Milchev2008,
   author = {Alexander Milchev},
   doi = {10.1134/S1023193508060025},
   issn = {1023-1935},
   issue = {6},
   journal = {Russian Journal of Electrochemistry},
   month = {6},
   pages = {619-645},
   publisher = {SP MAIK Nauka/Interperiodica},
   title = {Electrocrystallization: Nucleation and growth of nano-clusters on solid surfaces},
   volume = {44},
   url = {http://link.springer.com/10.1134/S1023193508060025},
   year = {2008},
}

@article{Thompson2012,
   author = {Carl V. Thompson},
   doi = {10.1146/annurev-matsci-070511-155048},
   issn = {1531-7331},
   issue = {1},
   journal = {Annual Review of Materials Research},
   keywords = {agglomeration,film stability,hole formation,hole growth,surface energy,templated self-assembly},
   month = {8},
   pages = {399-434},
   publisher = { Annual Reviews },
   title = {Solid-State Dewetting of Thin Films},
   volume = {42},
   url = {https://www.annualreviews.org/doi/10.1146/annurev-matsci-070511-155048},
   year = {2012},
}

@article{Anders2010,
   author = {André Anders},
   doi = {10.1016/J.TSF.2009.10.145},
   issn = {0040-6090},
   issue = {15},
   journal = {Thin Solid Films},
   keywords = {Homologous temperature,Ion etching,Morphology,Plasma assistance,Potential and kinetic energy,Stress,Structure zone diagram,Thin film deposition},
   month = {5},
   pages = {4087-4090},
   publisher = {Elsevier},
   title = {A structure zone diagram including plasma-based deposition and ion etching},
   volume = {518},
   year = {2010},
}

@article{Ustarroz2013,
   author = {Jon Ustarroz and Joshua A. Hammons and Thomas Altantzis and Annick Hubin and Sara Bals and Herman Terryn},
   doi = {10.1021/ja402598k},
   issn = {00027863},
   issue = {31},
   journal = {Journal of the American Chemical Society},
   pages = {11550-11561},
   title = {A generalized electrochemical aggregative growth mechanism},
   volume = {135},
   year = {2013},
}

@article{Kobayashi1998,
   author = {R. Kobayashi and J.A. Warren and W.C. Carter},
   doi = {10.1016/S0167-2789(98)00026-8},
   issn = {0167-2789},
   issue = {3-4},
   journal = {Physica D: Nonlinear Phenomena},
   month = {8},
   pages = {415-423},
   publisher = {North-Holland},
   title = {Vector-valued phase field model for crystallization and grain boundary formation},
   volume = {119},
   url = {https://www-sciencedirect-com.kuleuven.ezproxy.kuleuven.be/science/article/pii/S0167278998000268},
   year = {1998},
}

 @article{Permann2020,
   author = {Cody J. Permann and Derek R. Gaston and David Andrš and Robert W. Carlsen and Fande Kong and Alexander D. Lindsay and Jason M. Miller and John W. Peterson and Andrew E. Slaughter and Roy H. Stogner and Richard C. Martineau},
   doi = {10.1016/J.SOFTX.2020.100430},
   issn = {2352-7110},
   journal = {SoftwareX},
   keywords = {Finite-element,Framework,Multiphysics,Multiscale,Parallel},
   month = {1},
   pages = {100430},
   publisher = {Elsevier},
   title = {MOOSE: Enabling massively parallel multiphysics simulation},
   volume = {11},
   year = {2020},
}

@article{Eiken2006,
   author = {J. Eiken and B. Böttger and I. Steinbach},
   doi = {10.1103/PhysRevE.73.066122},
   issn = {15393755},
   issue = {6},
   journal = {Physical Review E},
   month = {6},
   pages = {066122},
   publisher = {American Physical Society},
   title = {Multiphase-field approach for multicomponent alloys with extrapolation scheme for numerical application},
   volume = {73},
   url = {https://journals-aps-org.kuleuven.e-bronnen.be/pre/abstract/10.1103/PhysRevE.73.066122},
   year = {2006},
}

@article{Korbuly2017,
   author = {Bálint Korbuly and Mathis Plapp and Hervé Henry and James A. Warren and László Gránásy and Tamás Pusztai},
   doi = {10.1103/PhysRevE.96.052802},
   issn = {24700053},
   issue = {5},
   journal = {Physical Review E},
   pages = {1-15},
   title = {Topological defects in two-dimensional orientation-field models for grain growth},
   volume = {96},
   year = {2017},
}

@article{Sadamoto2019,
   author = {Kazuki Sadamoto and Yuichi Tadano and Shigeki Morita},
   doi = {10.4028/WWW.SCIENTIFIC.NET/KEM.794.208},
   isbn = {9783035713626},
   issn = {1662-9795},
   journal = {Key Engineering Materials},
   keywords = {Crystal Orientation,Phase Filed Method,Quaternion,Solidification},
   pages = {208-213},
   publisher = {Trans Tech Publications Ltd},
   title = {A Three-Dimensional Formulation of Phase Field Model Representing Polycrystalline Solidification},
   volume = {794},
   url = {https://www-scientific-net.kuleuven.e-bronnen.be/KEM.794.208},
   year = {2019},
}

@article{Henry2012,
   author = {Hervé Henry and Jesper Mellenthin and Mathis Plapp},
   doi = {10.1103/PhysRevB.86.054117},
   issn = {1550235X},
   issue = {5},
   journal = {Physical Review B - Condensed Matter and Materials Physics},
   pages = {1-15},
   title = {Orientation-field model for polycrystalline solidification with a singular coupling between order and orientation},
   volume = {86},
   year = {2012},
}


@article{Monnens2023,
   author = {Wouter Monnens and Bokai Zhang and Zhenyu Zhou and Laurens Snels and Koen Binnemans and Francisco Molina-Lopez and Jan Fransaer},
   doi = {10.1002/ADMA.202305967},
   issn = {1521-4095},
   issue = {51},
   journal = {Advanced Materials},
   keywords = {electrodeposition,eutectic gallium indium,liquid metals,stretchable electronics},
   month = {12},
   pages = {2305967},
   pmid = {37703420},
   publisher = {John Wiley & Sons, Ltd},
   title = {Scalable Electrodeposition of Liquid Metal from an Acetonitrile-Based Electrolyte for Highly Integrated Stretchable Electronics},
   volume = {35},
   url = {https://onlinelibrary.wiley.com/doi/abs/10.1002/adma.202305967},
   year = {2023},
}

@article{Landau2014,
   author = {Miron V. Landau and Roxana Vidruk and Dmitro Vingurt and David Fuks and Moti Herskowitz},
   doi = {10.1515/REVCE-2014-0011/MACHINEREADABLECITATION/RIS},
   issn = {01678299},
   issue = {4},
   journal = {Reviews in Chemical Engineering},
   keywords = {catalysts,chemical functionality,grain boundaries,nanocrystalline materials},
   month = {8},
   pages = {379-401},
   publisher = {Walter de Gruyter GmbH},
   title = {Grain boundaries in nanocrystalline catalytic materials as a source of surface chemical functionality},
   volume = {30},
   url = {https://www.degruyter.com/document/doi/10.1515/revce-2014-0011/html},
   year = {2014},
}

@article{Xu2024,
   author = {Xiaomin Xu and Yijun Zhong and Magdalena Wajrak and Tejas Bhatelia and San Ping Jiang and Zongping Shao},
   doi = {10.1002/INF2.12608},
   issn = {2567-3165},
   issue = {8},
   journal = {InfoMat},
   keywords = {CO2 reduction,air batteries,electrocatalysis,grain boundaries,metal,nanomaterials,water splitting},
   month = {8},
   pages = {e12608},
   publisher = {John Wiley & Sons, Ltd},
   title = {Grain boundary engineering: An emerging pathway toward efficient electrocatalysis},
   volume = {6},
   url = {https://onlinelibrary.wiley.com/doi/abs/10.1002/inf2.12608},
   year = {2024},
}

@article{Wang2024,
   author = {Lei Wang and Xue Yao and Holly Fruehwald and Dmitry Akhmetzyanov and Mathew Hanson and Ning Chen and Rodney Smith and Chandra Veer Singh and Zhongchao Tan and Yimin A. Wu},
   doi = {10.1002/AENM.202402636},
   issn = {1614-6840},
   journal = {Advanced Energy Materials},
   keywords = {C2+ products,CO2 reduction,dynamic evolution,electrocatalysis,grain boundary oxidation},
   pages = {2402636},
   publisher = {John Wiley & Sons, Ltd},
   title = {Revealing Real Active Sites in Intricate Grain Boundaries Assemblies on Electroreduction of CO2 to C2+ Products},
   url = {https://onlinelibrary.wiley.com/doi/abs/10.1002/aenm.202402636},
   year = {2024},
}

@article{Vermaak1968,
   author = {J. S. Vermaak and C. W. Mays and D. Kuhlmann-Wilsdorf},
   doi = {10.1016/0039-6028(68)90118-0},
   issn = {0039-6028},
   issue = {2},
   journal = {Surface Science},
   month = {10},
   pages = {128-133},
   publisher = {North-Holland},
   title = {On surface stress and surface tension: I. Theoretical considerations},
   volume = {12},
   year = {1968},
}

@article{Steinbach2023,
   author = {Ingo Steinbach and Hesham Salama},
   city = {Cham},
   doi = {10.1007/978-3-031-21171-3_3},
   isbn = {978-3-031-21171-3},
   journal = {Lectures on Phase Field},
   pages = {31-39},
   publisher = {Springer, Cham},
   title = {Capillarity},
   url = {https://doi.org/10.1007/978-3-031-21171-3_3},
   year = {2023},
}

@article{Zucker2012,
   author = {Rachel V. Zucker and Dominique Chatain and Ulrich Dahmen and Serge Hagège and W. Craig Carter},
   doi = {10.1007/s10853-012-6739-x},
   issn = {0022-2461},
   issue = {24},
   journal = {Journal of Materials Science},
   month = {12},
   pages = {8290-8302},
   publisher = {Kluwer Academic Publishers},
   title = {New software tools for the calculation and display of isolated and attached interfacial-energy minimizing particle shapes},
   volume = {47},
   url = {http://link.springer.com/10.1007/s10853-012-6739-x},
   year = {2012},
}

@article{Boukouvala2021,
   author = {Christina Boukouvala and Joshua Daniel and Emilie Ringe},
   doi = {10.1186/s40580-021-00275-6},
   issn = {2196-5404},
   issue = {1},
   journal = {Nano Convergence},
   keywords = {Nanoparticle shape,Shape modelling,Shape modelling tools,Winterbottom construction,Wulff construction},
   month = {9},
   pages = {26},
   publisher = {Korea Nano Technology Research Society},
   title = {Approaches to modelling the shape of nanocrystals},
   volume = {8},
   url = {https://nanoconvergencejournal.springeropen.com/articles/10.1186/s40580-021-00275-6},
   year = {2021},
}


@article{Dudr2017,
   author = {Martin Dudr and Daniel Šimek and Jan Drahokoupil},
   doi = {10.14311/APP.2017.9.0008},
   issn = {2336-5382},
   journal = {Acta Polytechnica CTU Proceedings},
   keywords = {X-Ray diffraction,combined load,nitinol spring,phase analysis,synchrotron},
   month = {7},
   pages = {8-12},
   publisher = {Czech Technical University in Prague - Central Library},
   title = {PHASE ANALYSIS OF NITI WIRE BASED ON SYNCHROTRON 2D X-RAY DIFFRACTION PATTERN IN MATLAB},
   volume = {9},
   url = {https://ojs.cvut.cz/ojs/index.php/APP/article/view/4396},
   year = {2017},
}

@article{Klecka2017,
   author = {Jakub Klečka and František Lukáč and Martin Dudr},
   doi = {10.4028/WWW.SCIENTIFIC.NET/SSP.270.124},
   isbn = {9783035712414},
   issn = {1662-9779},
   journal = {Solid State Phenomena},
   keywords = {Coherently Diffracting Domains,High Entropy Alloys,Rietveld Refinement,X-Ray Diffraction},
   pages = {124-129},
   publisher = {Trans Tech Publications Ltd},
   title = {Influence of the Surface Condition of Specimens on the Size of Coherently Diffracting Domains},
   volume = {270},
   url = {https://www.scientific.net/SSP.270.124},
   year = {2017},
}

@article{Lukac2018,
   author = {Frantisek Lukac and Martin Dudr and Radek Musalek and Jakub Klecka and Jakub Cinert and Jan Cizek and Tomas Chraska and Jakub Cizek and Oksana Melikhova and Jan Kuriplach and Jiri Zyka and Jaroslav Malek},
   doi = {10.1557/JMR.2018.320/METRICS},
   issn = {20445326},
   issue = {19},
   journal = {Journal of Materials Research},
   keywords = {powder metallurgy,salloy,sintering},
   month = {10},
   pages = {3247-3257},
   publisher = {Cambridge University Press},
   title = {Spark plasma sintering of gas atomized high-entropy alloy HfNbTaTiZr},
   volume = {33},
   url = {https://link.springer.com/article/10.1557/jmr.2018.320},
   year = {2018},
}
